1434 2155
600 274 465 54 Joseph Geisser, Lausanne.

328 346 1007 65 40 Cuisine. (Acheté à Bâle pour la loterie.) 180

330 413 1005 46 41 La chute de l’Avençon. 450

328 465 1007 59 42 Alpes vaudoises. 400

636 538 397 60 Mme Bieler, Lausanne.

332 615 1003 56 43 Sujet d’éventail. 125

600 711 472 52 Rudolf von Moos, Lucerne.

332 782 1003 51 44 Le réveil de la nature en Corse. 1600

562 874 546 65 Mlle Gabrielle Marquis, Vevey.

336 939 555 57 45 Corbeille de pâquerettes.

600 1020 478 55 Rudolf von Moos, Lucerne.

334 1088 1008 57 46 Une rue de Menton. 300

661 1179 357 56 Karl Töche, Zurich.

336 1249 1008 52 47 Après le coucher du soleil. 500

668 1350 349 48 Raphaël Ritz, Sion.

341 1409 1003 58 48 Approche du printemps. 500

623 1497 440 49 Edouard Pfyffer, Zurich.

341 1558 1004 56 49 Un Appenzellois. 300

655 1646 378 52 Joseph Zahnd, Rome.

339 1713 1008 57 51 Dans la campagne de Rome. 600

637 1795 416 63 Max Roman, Carlsruhe.

341 1855 1008 71 52 Vallée de Borghetto. 300
