1486 2215
577 241 478 56 Karl Dietze, Baden-Baden.

311 304 1007 65 69 Défilé de la Bernina. 250

614 393 403 59 C.-A. Sommer, Altona.

313 455 1006 54 70 Le soir au bord de la mer. 1250

636 540 364 58 A. Grueber, Munich.

315 612 1004 59 71 Un joueur de flûte. 440

677 701 284 52 G. Kägi, Zurich.

317 769 1004 61 72 Temple de Jupiter, à Pompéi (aquarelle). 100

319 826 999 61 73 Porte du Paradis, à Venise (aquarelle). 80

317 885 1001 60 74 Rheinfelden (aquarelle). 80

631 969 380 55 Ed. Hosch, Lausanne.

319 1035 1000 52 75 Eglise de Lutry. 400

321 1094 288 54 75 bis. Annecy.

585 1179 470 50 Fernand Gaulis, Lausanne.

319 1242 1002 51 76 Le Léman, effet du soir. 800

321 1301 1000 48 77 Au bord d’un marais. 200

640 1389 360 59 Albert Gos, Genève.

323 1463 1000 57 78 Orage dans la vallée de Séfinen. 4000

609 1548 424 57 Joseph Zelger, Lucerne.

323 1618 1000 52 79 Au Mont-Pilate. 800

607 1703 434 57 Vittorio Avanzi, Vérone.

321 1775 1004 52 80 Marine à Capri. 300

321 1829 1004 66 81 La gardeuse de dindons. 300
