1464 2166
160 335 1004 54 140 Clair de lune. 350

465 261 392 58 Auguste Bauer, Weil.

160 388 1004 59 141 Plateau de la Forêt-Noire. 350

404 478 516 59 Fréd. Zimmermann, Genève.

160 559 1002 58 142 Aux environs de Genève près du Salève. 120

160 617 850 54 143 Le Roc blanc au Prado, près de Mar-

308 678 852 49 seille (aquarelle). 120

160 731 1000 57 144 Groupe d’arbres dans les montagnes. 120

471 819 373 56 Mlle J. Mellet, Vevey.

160 897 1004 63 145 Chillon au coucher du soleil (aquarelle). 50

160 956 1002 58 146 Etude de Saxifraga pyramidalis (aquar.). 50

160 1019 1000 51 147 Etude de reine des prés (gouache). 25

453 1108 417 56 Louis Mennet, Begnins.

158 1182 1002 63 148 Brick-goëlette. 200

158 1247 1002 47 149 Le caboteur. 180

480 1342 355 46 Mme Deytard, Pully.

158 1406 1000 54 150 Bouquet de roses. 900

158 1460 997 67 151 Pensées (aquarelle). 40

454 1552 396 58 Mme Freymann, Vevey.

155 1626 1000 65 152 Un coin du Léman. 300

155 1693 998 43 153 Begonias. 150

500 1783 308 49 Bonnet, Fribourg.

155 1851 998 71 154 Le cloitre de Hauterive. 500
